@online{Nordström,
    author = {Nordström, Stefan},
    title = {Vad är en alt-tagg? Varför är bilders alt-taggar viktiga för din SEO?},
    url = {https://www.stefan-nordstrom.com/seo/alt-tag/},
    urldate = {2023-09-20},
}

@online{Digg_2021,
    author = {Digg},
    title = {De sex vanligaste bristerna när Digg granskar webbplatser},
    url = {https://www.digg.se/om-oss/nyheter/nyheter/2021-09-23-de-sex-vanligaste-bristerna-nar-digg-granskar-webbplatser},
    date = {2021-09-23},
}

@online{ARIA,
    author = {Digg},
    title = {Introduktion till WAI-ARIA},
    date = {2023-10-04},
    url = {https://webbriktlinjer.se/aria/},
}

@online{WAI,
    author = {W3C},
    title = {About W3C WAI},
    date = {2023-8-01},
    year = {2023},
    url = {https://www.w3.org/WAI/about/},
}

@online{Digg_2023,
    author = {Digg},
    title = {Åtaganden - vilka är kraven?},
    url = {https://www.digg.se/kunskap-och-stod/digital-tillganglighet/rattslig-vagledning/7.-ataganden---vilka-ar-kraven},
    urldate = {2023-05-22},
}

@online{WCAG,
    author = {W3C},
    title = {Web Content Accessibility GuideLines},
    url = {https://www.w3.org/TR/WCAG21/#abstract},
    urldate = {2023-09-25},
}

@online{W3C,
    author = {W3C},
    title = {About us},
    url = {https://www.w3.org/about/},
    urldate = {2023-09-20},
}

@book{Krug,
    author={Steve Krug},
    title={Don't Make Me Think, Revisited},
    publisher={New Riders Publishing},
    year={2014},
    edition={3rd edition},
    ISBN={0321965515},
    keywords={Web Usability},
} 